<record><leader>00000cas a22000007a 4500</leader><controlfield tag="001">26486213</controlfield><controlfield tag="008">920826d18361837ncuwr ne      0    0eng d</controlfield><datafield ind1=" " ind2=" " tag="010"><subfield code="a">sn 92073175 </subfield></datafield><datafield ind1=" " ind2=" " tag="040"><subfield code="a">NVJ</subfield><subfield code="b">eng</subfield><subfield code="c">NVJ</subfield><subfield code="d">OCLCQ</subfield></datafield><datafield ind1=" " ind2=" " tag="042"><subfield code="a">msc</subfield></datafield><datafield ind1="0" ind2="0" tag="245"><subfield code="a">Weekly chronicle and farmer's [i.e. farmers'] register.</subfield></datafield><datafield ind1="1" ind2="3" tag="246"><subfield code="a">Chronicle and farmers' register</subfield></datafield><datafield ind1="3" ind2="0" tag="246"><subfield code="a">Farmers' register</subfield></datafield><datafield ind1=" " ind2=" " tag="260"><subfield code="a">Salem, Stokes County, N.C. :</subfield><subfield code="b">Blum &amp; Son</subfield></datafield><datafield ind1=" " ind2=" " tag="310"><subfield code="a">Weekly</subfield></datafield><datafield ind1="0" ind2=" " tag="362"><subfield code="a">-v. 5, no. 53 (Feb. 4, 1837).</subfield></datafield><datafield ind1="1" ind2=" " tag="362"><subfield code="a">Began in 1836.</subfield></datafield><datafield ind1=" " ind2=" " tag="588"><subfield code="a">Description based on: Vol. 5, no. 2 (Feb. 13, 1836).</subfield></datafield><datafield ind1=" " ind2=" " tag="752"><subfield code="a">United States</subfield><subfield code="b">North Carolina</subfield><subfield code="c">Forsyth</subfield><subfield code="d">Winston-Salem.</subfield></datafield><datafield ind1=" " ind2=" " tag="752"><subfield code="a">United States</subfield><subfield code="b">North Carolina</subfield><subfield code="c">Forsyth</subfield><subfield code="d">Salem.</subfield></datafield><datafield ind1=" " ind2=" " tag="752"><subfield code="a">United States</subfield><subfield code="b">North Carolina</subfield><subfield code="c">Stokes</subfield><subfield code="d">Salem.</subfield></datafield><datafield ind1="0" ind2="0" tag="780"><subfield code="t">Farmers' reporter and rural depository</subfield><subfield code="w">(DLC)sn 85042177</subfield></datafield></record>